@article{zhu2017semantic,
    title={Semantic relatedness and similarity of biomedical terms: examining the effects of recency, size, and section of biomedical publications on the performance of word2vec},
    author={Zhu, Yongjun and Yan, Erjia and Wang, Fei},
    journal={BMC medical informatics and decision making},
    volume={17},
    number={1},
    pages={95},
    year={2017},
    publisher={BioMed Central}
}

@inproceedings{de2014medical,
    title={Medical semantic similarity with a neural language model},
    author={De Vine, Lance and Zuccon, Guido and Koopman, Bevan and Sitbon, Laurianne and Bruza, Peter},
    booktitle={Proceedings of the 23rd ACM international conference on conference on information and knowledge management},
    pages={1819--1822},
    year={2014},
    organization={ACM}
}

@inproceedings{mihaylov2016semanticz,
    title={SemanticZ at SemEval-2016 Task 3: Ranking relevant answers in community question answering using semantic similarity based on fine-tuned word embeddings},
    author={Mihaylov, Todor and Nakov, Preslav},
    booktitle={Proceedings of the 10th International Workshop on Semantic Evaluation (SemEval-2016)},
    pages={879--886},
    year={2016}
}

@inproceedings{mikolov2013distributed,
    title={Distributed representations of words and phrases and their compositionality},
    author={Mikolov, Tomas and Sutskever, Ilya and Chen, Kai and Corrado, Greg S and Dean, Jeff},
    booktitle={Advances in neural information processing systems},
    pages={3111--3119},
    year={2013}
}

@article{milo2002network,
    title={Network motifs: simple building blocks of complex networks},
    author={Milo, Ron and Shen-Orr, Shai and Itzkovitz, Shalev and Kashtan, Nadav and Chklovskii, Dmitri and Alon, Uri},
    journal={Science},
    volume={298},
    number={5594},
    pages={824--827},
    year={2002},
    publisher={American Association for the Advancement of Science}
}

@article{holland1976local,
    title={Local structure in social networks},
    author={Holland, Paul W and Leinhardt, Samuel},
    journal={Sociological methodology},
    volume={7},
    pages={1--45},
    year={1976},
    publisher={JSTOR}
}

@article{Ackerman2008,
    archivePrefix = {arXiv},
    arxivId = {arXiv:1011.1669v3},
    author = {Ackerman, Bruce and Fishkin, James S.},
    doi = {10.1002/9780470690734.ch1},
    eprint = {arXiv:1011.1669v3},
    isbn = {9780470690734},
    issn = {09638016},
    journal = {Debating Deliberative Democracy},
    keywords = {Citizens,Deliberation day,Millian anxieties,National elections,Registered voters},
    pages = {7--30},
    pmid = {6528439},
    title = {{Deliberation Day}},
    year = {2008}
}


@article{Gonzalez-Bailon2010,
    author = {Gonzalez-Bailon, Sandra and Kaltenbrunner, Andreas and Banchs, Rafael E.},
    doi = {10.1057/jit.2010.2},
    file = {:Users/sagarj/Dropbox/Research/10.1.1.624.5311.pdf:pdf},
    isbn = {0268-3962$\backslash$r1466-4437},
    issn = {02683962},
    journal = {Journal of Information Technology},
    keywords = {Slashdot,e-deliberation,e-democracy,online forums,political discussions,radial trees,social networks},
    number = {2},
    pages = {230--243},
    publisher = {Palgrave Macmillan},
    title = {{The structure of political discussion networks: A model for the analysis of online deliberation}},
    url = {http://dx.doi.org/10.1057/jit.2010.2},
    volume = {25},
    year = {2010}
}

@Article{info:doi/10.2196/jmir.8219,
author="Park, Albert and Conway, Mike",
title="Harnessing Reddit to Understand the Written-Communication Challenges Experienced by Individuals With Mental Health Disorders: Analysis of Texts From Mental Health Communities",
journal="J Med Internet Res",
year="2018",
month="Apr",
day="10",
volume="20",
number="4",
pages="e121",
issn="1438-8871",
doi="10.2196/jmir.8219",
url="http://www.jmir.org/2018/4/e121/",
url="https://doi.org/10.2196/jmir.8219",
url="http://www.ncbi.nlm.nih.gov/pubmed/29636316"
}



@phdthesis{Garimella,
author = {Garimella, Kiran},,
school = {Aalto University},
title = {{Polarization on Social media}}
}


@article{Joglekar2018,
author = {Joglekar, Sagar and Sastry, Nishanth and Coulson, Neil S and Taylor, Stephanie JC and Patel, Anita and Duschinsky, Robbie and Anand, Amrutha and {Jameson Evans}, Matt and Griffiths, Chris J and Sheikh, Aziz and Panzarasa, Pietro and {De Simoni}, Anna},
doi = {10.2196/jmir.9952},
file = {:Users/sagarj/Dropbox/Research/JMIR2018{\_}Joglekar.pdf:pdf},
issn = {1438-8871},
journal = {Journal of Medical Internet Research},
keywords = {asthma,chronic obstructive pulmonary disease,copd,digital health social network,network analysis,online community,online forums,self-management,superusers},
number = {7},
pages = {e238},
pmid = {29997105},
title = {{How Online Communities of People With Long-Term Conditions Function and Evolve: Network Analysis of the Structure and Dynamics of the Asthma UK and British Lung Foundation Online Communities}},
url = {http://www.jmir.org/2018/7/e238/},
volume = {20},
year = {2018}
}


@inproceedings{Kavuluru:2016:CHC:2975167.2975170,
 author = {Kavuluru, Ramakanth and Ramos-Morales, Mar\'{\i}a and Holaday, Tara and Williams, Amanda G. and Haye, Laura and Cerel, Julie},
 title = {Classification of Helpful Comments on Online Suicide Watch Forums},
 booktitle = {Proceedings of the 7th ACM International Conference on Bioinformatics, Computational Biology, and Health Informatics},
 series = {BCB '16},
 year = {2016},
 isbn = {978-1-4503-4225-4},
 location = {Seattle, WA, USA},
 pages = {32--40},
 numpages = {9},
 url = {http://doi.acm.org/10.1145/2975167.2975170},
 doi = {10.1145/2975167.2975170},
 acmid = {2975170},
 publisher = {ACM},
 address = {New York, NY, USA},
 keywords = {suicide prevention, text classification},
} 

@article{park2018examining,
  title={Examining thematic similarity, difference, and membership in three online mental health communities from reddit: a text mining and visualization approach},
  author={Park, Albert and Conway, Mike and Chen, Annie T},
  journal={Computers in human behavior},
  volume={78},
  pages={98--112},
  year={2018},
  publisher={Elsevier}
}



@article{Sievert2014,
archivePrefix = {arXiv},
arxivId = {arXiv:1011.1669v3},
author = {Sievert, Carson and Shirley, Kenneth},
doi = {10.1.1.100.1089},
eprint = {arXiv:1011.1669v3},
file = {:Users/sagarj/Dropbox/Research/sievert-illvi2014.pdf:pdf},
isbn = {1932432655},
issn = {10495258},
journal = {Proceedings of the Workshop on Interactive Language Learning, Visualization, and Interfaces},
pages = {63--70},
pmid = {25246403},
title = {{LDAvis: A method for visualizing and interpreting topics}},
url = {http://www.aclweb.org/anthology/W/W14/W14-3110},
year = {2014}
}


@article{minkler2005improving,
  title={Improving health through community organization},
  author={Minkler, Meredith and Wallerstein, Nina},
  journal={Community organizing and community building for health},
  pages={26--51},
  year={2005}
}


@article{Batagelj2001,
	author = {Batagelj, Vladimir and Mrvar, Andrej},
	doi = {10.1016/S0378-8733(01)00035-1},
	issn = {03788733},
	journal = {Social Networks},
	keywords = {05C85,05C90,68R10,68W40,91D30,93A15,Algorithm,Large networks,Triad census},
	number = {3},
	pages = {237--243},
	title = {{A subquadratic triad census algorithm for large sparse networks with small maximum degree}},
	volume = {23},
	year = {2001}
}


@inproceedings{DeChoudhury2016,
 author = {De Choudhury, Munmun and Kiciman, Emre and Dredze, Mark and Coppersmith, Glen and Kumar, Mrinal},
 title = {Discovering Shifts to Suicidal Ideation from Mental Health Content in Social Media},
 booktitle = {Proceedings of the 2016 CHI Conference on Human Factors in Computing Systems},
 series = {CHI '16},
 year = {2016},
 isbn = {978-1-4503-3362-7},
 location = {San Jose, California, USA},
 pages = {2098--2110},
 numpages = {13},
 url = {http://doi.acm.org/10.1145/2858036.2858207},
 doi = {10.1145/2858036.2858207},
 acmid = {2858207},
 publisher = {ACM},
 address = {New York, NY, USA},
 keywords = {mental health, reddit, social media, suicidal ideation},
} 

@article{d20122,
  title={2 Social Networks: A New Source of Psychological Stress or a Way to Enhance Self-esteem? Negative and Positive Implications in Bronchial Asthma},
  author={Cecchi, L and Liccardi, G and Pellegrino, F and Sofia, M},
  journal={Journal of Investigational Allergology and Clinical Immunology},
  volume={22},
  number={6},
  pages={402},
  year={2012}
}


@article{gkotsis2017characterisation,
  title={Characterisation of mental health conditions in social media using Informed Deep Learning},
  author={Gkotsis, George},
  journal={Scientific Reports},
  volume={7},
  pages={45141},
  year={2017},
  publisher={Nature Publishing Group}
}

@article{DeChoudhury2014,
	author = {{De Choudhury}, Munmun and De, Sushovan},
	isbn = {9781577356578},
	journal = {Proceedings of the Eight International AAAI Conference on Weblogs and Social Media},
	keywords = {Full Papers},
	pages = {71--80},
	title = {{Mental Health Discourse on reddit: Self-Disclosure, Social Support, and Anonymity}},
	year = {2014}
}

@article{Blei2003,
	archivePrefix = {arXiv},
	arxivId = {1111.6189v1},
	author = {Blei, David M and Edu, Blei@cs Berkeley and Ng, Andrew Y and Edu, Ang@cs Stanford and Jordan, Michael I and Edu, Jordan@cs Berkeley},
	doi = {10.1162/jmlr.2003.3.4-5.993},
	eprint = {1111.6189v1},
	isbn = {9781577352815},
	issn = {15324435},
	journal = {Journal of Machine Learning Research},
	pages = {993--1022},
	pmid = {21362469},
	title = {{Latent Dirichlet Allocation}},
	volume = {3},
	year = {2003}
}
